@misc{swebok2024,
  title        = {Guide to the Software Engineering Body of Knowledge (SWEBOK Guide), Version 4.0},
  author       = {{IEEE Computer Society}},
  year         = {2024},
  howpublished = {PDF},
  url          = {https://ieeecs-media.computer.org/media/education/swebok/swebok-v4.pdf},
  note         = {Documento oficial en PDF.}
}

@book{clrs2009,
  author    = {Cormen, Thomas H. and Leiserson, Charles E. and Rivest, Ronald L. and Stein, Clifford},
  title     = {Introduction to Algorithms},
  edition   = {3},
  publisher = {MIT Press},
  year      = {2009},
  url       = {https://mitpress.mit.edu/9780262046305/introduction-to-algorithms/},
  note      = {Referencia estándar en algoritmos.}
}

@book{knuth1997,
  author    = {Knuth, Donald E.},
  title     = {The Art of Computer Programming, Volume 1: Fundamental Algorithms},
  publisher = {Addison-Wesley},
  year      = {1997},
  url       = {https://cs.stanford.edu/~knuth/},
  note      = {Recursos y materiales del autor.}
}

@book{rosen2019,
  author    = {Rosen, Kenneth H.},
  title     = {Discrete Mathematics and Its Applications},
  edition   = {7},
  publisher = {McGraw-Hill Education},
  year      = {2019},
  url       = {https://faculty.ksu.edu.sa/sites/default/files/%5BBook%5D%20Discrete%20mathematics%20and%20its%20applications%20%282019%29_0.pdf},
  note      = {PDF disponible para uso académico.}
}

@book{ross2014,
  author    = {Ross, Sheldon M.},
  title     = {Introduction to Probability and Statistics for Engineers and Scientists},
  edition   = {5},
  publisher = {Academic Press / Elsevier},
  year      = {2014},
  url       = {https://minerva.it.manchester.ac.uk/~saralees/statbook3.pdf},
  note      = {PDF docente disponible en repositorios universitarios.}
}

@book{patterson2014,
  author    = {Patterson, David A. and Hennessy, John L.},
  title     = {Computer Organization and Design: The Hardware/Software Interface},
  edition   = {5},
  publisher = {Morgan Kaufmann},
  year      = {2014},
  url       = {https://www.cse.iitd.ac.in/~rijurekha/col216/edition5.pdf},
  note      = {Copia en PDF disponible en repositorios académicos.}
}

@book{tanenbaum2014,
  author    = {Tanenbaum, Andrew S. and Bos, Herbert},
  title     = {Modern Operating Systems},
  edition   = {4},
  publisher = {Pearson},
  year      = {2014},
  url       = {https://csc-knu.github.io/sys-prog/books/Andrew%20S.%20Tanenbaum%20-%20Modern%20Operating%20Systems.pdf},
  note      = {Copia docente disponible en PDF.}
}

@book{silberschatz2010,
  author    = {Silberschatz, Abraham and Korth, Henry F. and Sudarshan, S.},
  title     = {Database System Concepts},
  edition   = {6},
  publisher = {McGraw-Hill},
  year      = {2010},
  url       = {https://people.vts.su.ac.rs/~peti/Baze%20podataka/Literatura/Silberschatz-Database%20System%20Concepts%206th%20ed.pdf},
  note      = {PDF académico de referencia.}
}
